<?xml version="1.0" encoding="UTF-8"?><collection xmlns="http://www.loc.gov/MARC21/slim"><record><leader>00494nam--2200181-u-4500</leader><controlfield tag="001">000054952</controlfield><controlfield tag="002">20161230</controlfield><controlfield tag="005">20170106153518</controlfield><controlfield tag="008">120711s1000------------r-----000-0-rus-d</controlfield><datafield ind1=" " ind2=" " tag="040"><subfield code="a">IFIN-HH</subfield></datafield><datafield ind1=" " ind2=" " tag="041"><subfield code="a">rus</subfield></datafield><datafield ind1="1" ind2=" " tag="100"><subfield code="a">Cerviakova, V. V</subfield></datafield><datafield ind1="1" ind2="0" tag="245"><subfield code="a">Slojnie latuni i bronzi</subfield><subfield code="b">Svoistva, stroenie i voprosi tehnologii</subfield><subfield code="c">V.V. Cerviakova, A.A. Presniakov</subfield></datafield><datafield ind1=" " ind2=" " tag="260"><subfield code="a">Alma-Ata</subfield><subfield code="b">Nauka</subfield><subfield code="c">1974</subfield></datafield><datafield ind1=" " ind2=" " tag="300"><subfield code="a">261 p</subfield></datafield><datafield ind1="1" ind2=" " tag="700"><subfield code="a">Presniakov, A. A</subfield></datafield><datafield ind1=" " ind2=" " tag="852"><subfield code="a">75419</subfield></datafield><datafield ind1=" " ind2=" " tag="CAT"><subfield code="a">SYS</subfield><subfield code="c">20170106</subfield><subfield code="h">153518</subfield></datafield></record></collection>